@article{article,
  author = {John Doe},
  title = {An Article},
  journal = {Journal of Something},
  year = {2025},
}
